@ARTICLE{horvitzthompson:1952:jasa,
  author = {Horvitz, D and Thompson, D},
  title = {A generalization of sampling without replacement from a finite
    universe},
  journal = {Journal of the American Statistical Association},
  volume = {47},
  number = {260},
  pages = {663--685},
  doi = {10.1080/01621459.1952.10483446},
  year = {1952}
}

@ARTICLE{robins:1986:mathmod,
  author = {Robins, J},
  title = {A new approach to causal inference in mortality studies with a
    sustained exposure period â€“- application to control of the healthy worker
    survivor effect},
  journal = {Mathematical Modelling},
  volume = {7},
  number = {9--12},
  pages = {1393--1512},
  year = {1986},
  doi = {10.1016/0270-0255(86)90088-6}
}

@ARTICLE{robins:2000:epi,
  author = {Robins, J and Hernan, M and Brumback, B},
  title = {Marginal structural models and causal inference in epidemiology},
  journal = {Epidemiology},
  year = {2000},
  volume = {11},
  number = {5},
  pages = {550--560},
  doi = {10.1097/00001648-200009000-00011}
}

@ARTICLE{vdl:2014:ijb,
  author = {{van der Laan}, M},
  title = {Targeted estimation of nuisance parameters to obtain valid
    statistical inference},
  journal = {International Journal of Biostatistics},
  volume = {10},
  number = {1},
  pages = {29--57},
  year = {2014},
  doi = {10.1515/ijb-2012-0038}
}

% Optional fields: volume, number, pages, month, note
@ARTICLE{benkeser:2017:biometrika,
  author = {Benkeser, D and Carone, M and {van der Laan}, M and Gilbert, P},
  title = {Doubly-robust nonparametric inference on the average treatment
    effect},
  journal = {Biometrika},
  year = {2017}
}

@Manual{SuperLearnerPackage,
  title = {{SuperLearner}: Super Learner Prediction},
  author = {Polley, E and LeDell, E and Kennedy, C and Lendle, S and {van der
    Laan}, M},
  year = {2017},
  note = {R~package version~2.0-22},
  url  = {https://CRAN.R-project.org/package=SuperLearner}
}

@Article{npPackage,
  title = {Nonparametric Econometrics: The np Package},
  author = {Tristen Hayfield and Jeffrey Racine},
  journal = {Journal of Statistical Software},
  year = {2008},
  volume = {27},
  number = {5},
  url = {http://www.jstatsoft.org/v27/i05/}
}

@ARTICLE{robins:1994:jasa,
  author = {Robins, J and Rotnitzky, A and Zhao, L},
  title = {Estimation of regression coefficients when some regressors are not
    always observed},
  journal = {Journal of the American Statistical Association},
  year = {1994},
  volume = {89},
  number = {427},
  pages = {846--866},
  doi = {10.1080/01621459.1994.10476818}
}

@ARTICLE{vdlrubin:2006:ijb,
  author = {{van der Laan}, M and Rubin, D},
  title = {Targeted maximum likelihood learning},
  journal = {International Journal of Biostatistics},
  year = {2006},
  volume = {2},
  number = {1},
  doi = {10.2202/1557-4679.1043}
}

@ARTICLE{porter:2011:ijb,
  author = {Porter, K and Gruber, S and {van der Laan} M, and Sekhon, J},
  title = {The relative performance of targeted maximum likelihood estimators},
  journal = {International Journal of Biostatistics},
  year = {2011},
  volume = {7},
  number = {1},
  doi = {10.2202/1557-4679.1308}
}

@BOOK{tlbook:2011,
  author = {{van der Laan}, M and Rose, S},
  title = {Targeted Learning: Causal Inference for Observational and
    Experimental Data},
  publisher = {Springer New York},
  year = {2011},
  doi = {10.1007/978-1-4419-9782-1}
}

@ARTICLE{breiman:1996:ml,
  author = {Breiman, L},
  title = {Stacked regressions},
  journal = {Machine Learning},
  year = {1996},
  volume = {24},
  number = {1},
  pages = {49--64},
  doi = {10.1023/A:1018046112532}
}

@ARTICLE{wolpert:1992:nnet,
  author = {Wolpert, D},
  title = {Stacked generalization},
  journal = {Neural Networks},
  year = {1992},
  volume = {5},
  number = {2},
  pages = {241--259},
  doi = {10.1016/S0893-6080(05)80023-1}
}

@ARTICLE{vdl:2007:statapp,
  author = {{van der Laan}, M and Polley, E and Hubbard, A},
  title = {Super learner},
  journal = {Statistical Applications in Genetics and Molecular Biology},
  volume = {6},
  number = {1},
  doi = {10.2202/1544-6115.1309},
  year = {2007}
}

@ARTICLE{vdvaart:2006:statdec,
  author = {van der Vaart, A and Dudoit, S and {van der Laan}, M},
  title = {Oracle inequalities for multi-fold cross-validation},
  journal = {Statistics and Decisions},
  volume = {24},
  number = {3},
  pages = {351--371},
  doi = {10.1524/stnd.2006.24.3.351},
  year = {2006}
}

@Manual{gamPackage,
  title = {{gam}: Generalized Additive Models},
  author = {Trevor Hastie},
  year = {2017},
  note = {R~package version~1.14-4},
  url = {https://CRAN.R-project.org/package=gam}
}

@ARTICLE{zheng:2010:working,
  author = {Zheng, W and {van der Laan}, M},
  title = {Asymptotic Theory for Cross-validated Targeted Maximum Likelihood
    Estimation},
  journal = {U.C. Berkeley Division of Biostatistics Working Paper Series},
  note = {Working Paper 273},
  year = {2010},
  url = {http://biostats.bepress.com/ucbbiostat/paper273}
}

@Manual{foreachPackage,
  title = {{foreach}: Provides Foreach Looping Construct for R},
  author = {{Revolution Analytics} and Weston, S},
  year = {2015},
  note = {R~package version~1.4.3},
  url = {https://CRAN.R-project.org/package=foreach}
}

@Manual{doParallelPackage,
  title = {{doParllel}: Foreach Parallel Adaptor for the 'parallel' Package},
  author = {{Revolution Analytics} and Weston, S},
  year = {2015},
  note = {R~package version~1.0.10},
  url = {https://CRAN.R-project.org/package=doParallel}
}

@Manual{snowpackage,
  title = {{snow}: Simple Network of Workstations},
  author = {Tierney, L and Rossini, A and Li, N and Sevcikova, H},
  year = {2016},
  note = {R package version 0.4-2},
  url = {https://CRAN.R-project.org/package=snow}
}

@manual{futurePackage,
  title = {{future}: A Future {API} for {R}},
  author = {Bengtsson, Henrik},
  year = {2017},
  note = {R~package version~1.6.1},
  howpublished = {https://cran.r-project.org/web/packages/future},
  url = {https://github.com/HenrikBengtsson/future}
}

@Manual{earthPackage,
  title = {{earth}: Multivariate Adaptive Regression Splines},
  author = {Stephen Milborrow. Derived from mda:mars by Trevor Hastie and Rob Tibshirani. Uses Alan Miller's Fortran utilities with Thomas Lumley's leaps wrapper.},
  year = {2018},
  note = {R package version 4.6.3},
  url = {https://CRAN.R-project.org/package=earth},
}

@manual{futurebatchtoolsPackage,
  title = {{future.batchtools}: A Future {API} for Parallel and Distributed
    Processing using ``batchtools''},
  author = {Bengtsson, Henrik},
  year = {2017},
  note = {R~package version~0.6.0},
  howpublished = {https://cran.r-project.org/web/packages/future.batchtools},
  url = {https://github.com/HenrikBengtsson/future.batchtools}
}

@manual{dofuturePackage,
  title = {{doFuture}: A Universal ``Foreach'' Parallel Adaptor using the Future
    {API} of the ``future'' Package},
  author = {Bengtsson, Henrik},
  year = {2017},
  note = {R~package version~0.5.1},
  howpublished = {https://cran.r-project.org/web/packages/doFuture},
  url = {https://github.com/HenrikBengtsson/doFuture}
}

